@article{relevant-citation-1,
  title={Relevant Research ...},
  author={}
}