@online{what-are-smart-contracts,
  title={What are smart contracts on blockchain?},
  author={Nigel Gopie, PhD},
  publisher={IBM},
  year={2018},
  url={https://www.ibm.com/blogs/blockchain/2018/07/what-are-smart-contracts-on-blockchain/}
}

@inproceedings{matthews1987static,
  title={Static and Dynamic Type Checking.},
  author={Matthews, David CJ},
  booktitle={DBPL},
  pages={67--73},
  year={1987},
  organization={Citeseer}
}